@article{nakabi2020,
    title={Deep reinforcement learning for energy management in a microgrid with flexible demand},
    author={Taha Abdelhalim Nakabi and Pekka Toivanen},
    journal={Sustainable Energy, Grids and Networks},
    url={https://doi.org/10.1016/j.segan.2020.100413},
    year={2020}
}